@article{Stehman199777,
title = "Selecting and interpreting measures of thematic classification accuracy ",
journal = "Remote Sensing of Environment ",
volume = "62",
number = "1",
pages = "77 - 89",
year = "1997",
note = "",
issn = "0034-4257",
doi = "http://dx.doi.org/10.1016/S0034-4257(97)00083-7",
url = "http://www.sciencedirect.com/science/article/pii/S0034425797000837",
author = "Stephen V. Stehman"
}
@book{sauro2012quantifying,
  title={Quantifying the user experience: Practical statistics for user research},
  author={Sauro, Jeff and Lewis, James R},
  year={2012},
  publisher={Elsevier}
}
@book{albert2013measuring,
  title={Measuring the user experience: collecting, analyzing, and presenting usability metrics},
  author={Albert, William and Tullis, Thomas},
  year={2013},
  publisher={Newnes}
}
@article{lewis1995ibm,
  title={IBM computer usability satisfaction questionnaires: psychometric evaluation and instructions for use},
  author={Lewis, James R},
  journal={International Journal of Human-Computer Interaction},
  volume={7},
  number={1},
  pages={57--78},
  year={1995},
  publisher={Taylor \& Francis}
}
@article{brewer2000research,
  title={Research design and issues of validity},
  author={Brewer, Marilynn B},
  journal={Handbook of research methods in social and personality psychology},
  pages={3--16},
  year={2000}
}